<record xmlns='http://www.loc.gov/MARC21/slim'><leader>01234cim a22003252u 4500</leader><controlfield tag='001'>3601915</controlfield><controlfield tag='005'>20151214182957.0</controlfield><controlfield tag='007'>ss|lmnjluz|nuu</controlfield><controlfield tag='008'>991101s1988    nyunnn         l    eng d</controlfield><datafield ind1=' ' ind2=' ' tag='035'><subfield code='a'>(NIC)notisASF8980</subfield></datafield><datafield ind1=' ' ind2=' ' tag='035'><subfield code='a'>3601915</subfield></datafield><datafield ind1=' ' ind2=' ' tag='035'><subfield code='a'>(OCoLC)63898478</subfield></datafield><datafield ind1=' ' ind2=' ' tag='040'><subfield code='a'>NIC</subfield><subfield code='c'>NIC</subfield><subfield code='d'>NIC</subfield><subfield code='d'>NIC</subfield></datafield><datafield ind1='1' ind2=' ' tag='100'><subfield code='a'>Draitser, Emil,</subfield><subfield code='d'>1937-</subfield></datafield><datafield ind1='1' ind2='0' tag='245'><subfield code='a'>From Russia with laughs: Soviet underground humor</subfield><subfield code='h'>[sound recording]</subfield></datafield><datafield ind1=' ' ind2=' ' tag='260'><subfield code='c'>1988.</subfield></datafield><datafield ind1=' ' ind2=' ' tag='300'><subfield code='a'>1 sound cassette (60 min.) :</subfield><subfield code='b'>analog, mono.</subfield></datafield><datafield ind1=' ' ind2=' ' tag='500'><subfield code='a'>Recorded in Ithaca, NY by Cornell University.</subfield></datafield><datafield ind1=' ' ind2=' ' tag='500'><subfield code='a'>Sponsored by: Russian Literature, Department of.</subfield></datafield><datafield ind1=' ' ind2=' ' tag='500'><subfield code='a'>Speaker(s): Professor of Russian at Hunter College and New York School of Comedy.</subfield></datafield><datafield ind1=' ' ind2=' ' tag='518'><subfield code='a'>Lecture, September 19, 1988.</subfield></datafield><datafield ind1=' ' ind2=' ' tag='520'><subfield code='a'>Draitser describes Soviet humor and compares it to that of the United States.</subfield></datafield><datafield ind1=' ' ind2='0' tag='651'><subfield code='a'>Soviet Union</subfield><subfield code='x'>Social life and customs.</subfield></datafield><datafield ind1=' ' ind2='0' tag='650'><subfield code='a'>Russian wit and humor.</subfield></datafield><datafield ind1=' ' ind2='7' tag='650'><subfield code='a'>Manners and customs</subfield><subfield code='2'>fast</subfield><subfield code='0'>(OCoLC)fst01007815</subfield></datafield><datafield ind1=' ' ind2='7' tag='650'><subfield code='a'>Russian wit and humor</subfield><subfield code='2'>fast</subfield><subfield code='0'>(OCoLC)fst01102423</subfield></datafield><datafield ind1=' ' ind2='7' tag='651'><subfield code='a'>Soviet Union</subfield><subfield code='2'>fast</subfield><subfield code='0'>(OCoLC)fst01210281</subfield></datafield><datafield ind1='1' ind2=' ' tag='899'><subfield code='a'>CULectures</subfield></datafield><datafield ind1=' ' ind2=' ' tag='905'><subfield code='a'>20000405120000.0</subfield></datafield><datafield ind1='2' ind2=' ' tag='948'><subfield code='a'>20141221</subfield><subfield code='b'>m</subfield><subfield code='d'>batch</subfield><subfield code='e'>lts</subfield><subfield code='x'>addfast</subfield></datafield></record>